<record><leader>00000cas a22000007a 4500</leader><controlfield tag="001">15541337</controlfield><controlfield tag="008">870416d18701872msucr ne      0    0eng d</controlfield><datafield ind1=" " ind2=" " tag="010"><subfield code="a">sn 87065276 </subfield></datafield><datafield ind1=" " ind2=" " tag="040"><subfield code="a">MJA</subfield><subfield code="b">eng</subfield><subfield code="c">MJA</subfield><subfield code="d">MSJ</subfield><subfield code="d">PPM</subfield><subfield code="d">OCL</subfield><subfield code="d">MSJ</subfield><subfield code="d">CRL</subfield><subfield code="d">OCLCQ</subfield></datafield><datafield ind1=" " ind2=" " tag="019"><subfield code="a">15809844</subfield></datafield><datafield ind1=" " ind2=" " tag="042"><subfield code="a">msc</subfield></datafield><datafield ind1=" " ind2=" " tag="043"><subfield code="a">n-us-ms</subfield></datafield><datafield ind1="0" ind2=" " tag="130"><subfield code="a">Semi-weekly clarion (Jackson, Miss.)</subfield></datafield><datafield ind1="1" ind2="4" tag="245"><subfield code="a">The Semi-weekly clarion.</subfield></datafield><datafield ind1=" " ind2=" " tag="260"><subfield code="a">Jackson, Miss. :</subfield><subfield code="b">Power &amp; Barksdale,</subfield><subfield code="c">1870-1872.</subfield></datafield><datafield ind1=" " ind2=" " tag="310"><subfield code="a">Semiweekly</subfield></datafield><datafield ind1="0" ind2=" " tag="362"><subfield code="a">Vol. 6, no. 161 (Feb. 8, 1870)-v. 9, no. 12 (Nov. 29, 1872).</subfield></datafield><datafield ind1=" " ind2=" " tag="580"><subfield code="a">Weekly edition: Weekly clarion (Meridian, Miss. : 1863).</subfield></datafield><datafield ind1=" " ind2="4" tag="651"><subfield code="a">Jackson (Miss.)</subfield><subfield code="v">Newspapers.</subfield></datafield><datafield ind1=" " ind2=" " tag="752"><subfield code="a">United States</subfield><subfield code="b">Mississippi</subfield><subfield code="c">Hinds</subfield><subfield code="d">Jackson.</subfield></datafield><datafield ind1="1" ind2=" " tag="775"><subfield code="t">Weekly clarion (Meridian, Miss. : 1863)</subfield><subfield code="w">(OCoLC)10205879</subfield></datafield><datafield ind1="1" ind2=" " tag="775"><subfield code="t">Daily clarion (Jackson, Miss. : 1866)</subfield><subfield code="w">(OCoLC)9390491</subfield></datafield><datafield ind1="0" ind2="0" tag="780"><subfield code="t">Tri-weekly clarion (Meridian, Miss. : 1865)</subfield><subfield code="w">(OCoLC)14192176</subfield></datafield><datafield ind1="1" ind2=" " tag="029"><subfield code="a">AU@</subfield><subfield code="b">000025788208</subfield></datafield></record>